@book{nielsen2010quantum,
  title={Quantum computation and quantum information},
  author={Nielsen, Michael A and Chuang, Isaac L},
  year={2010},
  publisher={Cambridge university press}
}
@book{grimmett2001probability,
  title={Probability and random processes},
  author={Grimmett, Geoffrey and Stirzaker, David},
  year={2001},
  publisher={Oxford university press}
}
@misc{page2001method,
  title={Method for node ranking in a linked database},
  author={Page, Lawrence},
  year={2001},
  month=sep # "~4",
  publisher={Google Patents},
  note={US Patent 6,285,999}
}
@article{ying2013verification,
  title={Verification of quantum programs},
  author={Ying, Mingsheng and Yu, Nengkun and Feng, Yuan and Duan, Runyao},
  journal={Science of Computer Programming},
  volume={78},
  number={},
  pages={1679--1700},
  year={2013},
  publisher={Elsevier}
}

@book{Kitaev,
  title={ Classical and Quantum Computation},
  author={Kitaev, A and Shen, A. H.and Vyalyi, M. N},
  year={2002},
  publisher={American Mathematical Society}
}

@article{ambainis2003quantum,
  title={Quantum walks and their algorithmic applications},
  author={Ambainis, Andris},
  journal={International Journal of Quantum Information},
  volume={1},
  number={04},
  pages={507--518},
  year={2003},
  publisher={World Scientific}
}
@inproceedings{medeiros2006zero,
  title={Zero-error capacity of quantum channels and noiseless subsystems},
  author={Medeiros, Rex AC and All{\'e}aume, Romain and Cohen, G{\'e}rard and de Assis, Francisco M},
  booktitle={Telecommunications Symposium, 2006 International},
  pages={900--905},
  year={2006},
  organization={IEEE}
}




@article{kempe2003quantum,
  title={Quantum random walks: an introductory overview},
  author={Kempe, Julia},
  journal={Contemporary Physics},
  volume={44},
  number={4},
  pages={307--327},
  year={2003},
  publisher={Taylor \& Francis}
}

@inproceedings{li2014decidable,
  title={(Un) decidable Problems about Reachability of Quantum Systems},
  author={Li, Yangjia and Ying, Mingsheng},
  booktitle={International Conference on Concurrency Theory},
  pages={482--496},
  year={2014},
  organization={Springer}
}

@article{burgarth2013ergodic,
  title={Ergodic and mixing quantum channels in finite dimensions},
  author={Burgarth, Daniel and Chiribella, Giulio and Giovannetti, Vittorio and Perinotti, Paolo and Yuasa, Kazuya},
  journal={New Journal of Physics},
  volume={15},
  number={7},
  pages={073045},
  year={2013},
  publisher={IOP Publishing}
}

@inproceedings{yu2012reachability,
  title={Reachability and termination analysis of concurrent quantum programs},
  author={Yu, Nengkun and Ying, Mingsheng},
  booktitle={International Conference on Concurrency Theory},
  pages={69--83},
  year={2012},
  organization={Springer}
}

@article{wolf2012quantum,
  title={Quantum channels \& operations: Guided tour},
  author={Wolf, Michael M},
  journal={Lecture notes available at http://www-m5. ma. tum. de/foswiki/pub M},
  volume={5},
  year={2012},
  publisher={Citeseer}
}

@inproceedings{ying2013reachability,
  title={Reachability probabilities of quantum Markov chains},
  author={Ying, Shenggang and Feng, Yuan and Yu, Nengkun and Ying, Mingsheng},
  booktitle={International Conference on Concurrency Theory},
  pages={334--348},
  year={2013},
  organization={Springer}
}

@article{shannon1956zero,
  title={The zero error capacity of a noisy channel},
  author={Shannon, Claude},
  journal={IRE Transactions on Information Theory},
  volume={2},
  number={3},
  pages={8--19},
  year={1956},
  publisher={IEEE}
}

@article{beigi2007complexity,
  title={On the complexity of computing zero-error and Holevo capacity of quantum channels},
  author={Beigi, Salman and Shor, Peter W},
  journal={arXiv preprint arXiv:0709.2090},
  year={2007}
}

@article{duan2013zero,
  title={Zero-error communication via quantum channels, noncommutative graphs, and a quantum Lov{\'a}sz number},
  author={Duan, Runyao and Severini, Simone and Winter, Andreas},
  journal={IEEE Transactions on Information Theory},
  volume={59},
  number={2},
  pages={1164--1174},
  year={2013},
  publisher={IEEE}
}

@article{blume2008characterizing,
  title={Characterizing the structure of preserved information in quantum processes},
  author={Blume-Kohout, Robin and Ng, Hui Khoon and Poulin, David and Viola, Lorenza},
  journal={Physical review letters},
  volume={100},
  number={3},
  pages={030501},
  year={2008},
  publisher={APS}
}

@inproceedings{carbone2016open,
  title={Open Quantum Random Walks: reducibility, period, ergodic properties},
  author={Carbone, Raffaella and Pautrat, Yan},
  booktitle={Annales Henri Poincar{\'e}},
  volume={17},
  number={1},
  pages={99--135},
  year={2016},
  organization={Springer}
}

@article{liu2011limiting,
  title={On limiting distributions of quantum Markov chains},
  author={Liu, Chaobin and Petulante, Nelson},
  journal={International Journal of Mathematics and Mathematical Sciences},
  volume={2011},
  year={2011},
  publisher={Hindawi Publishing Corporation}
}

@article{fagnola2009irreducible,
  title={Irreducible and periodic positive maps},
  author={Fagnola, FRANCO and Pellicer, RELY},
  journal={Commun. Stoch. Anal},
  volume={3},
  number={3},
  pages={407--418},
  year={2009}
}

@article{baumgartner2012structure,
  title={The structures of state space concerning quantum dynamical semigroups},
  author={Baumgartner, Bernhard and Narnhofer, Heide},
  journal={Reviews in Mathematical Physics},
  volume={24},
  number={02},
  pages={1250001},
  year={2012},
  publisher={World Scientific}
}
@book{levin2009markov,
  title={Markov chains and mixing times},
  author={Levin, David Asher and Peres, Yuval and Wilmer, Elizabeth Lee},
  year={2009},
  publisher={American Mathematical Soc.}
}
@article{cubitt2011superactivations,
  title={Superactivation of the asymptotic zero-error classical capacity of a quantum channel},
  author={Cubitt, Toby S and Chen, Jianxin and Harrow, Aram W},
  journal={IEEE transactions on information theory},
  volume={57},
  number={12},
  pages={8114--8126},
  year={2011},
  publisher={IEEE}
}
@article{chen2011entanglement,
  title={Entanglement can completely defeat quantum noise},
  author={Chen, Jianxin and Cubitt, Toby S and Harrow, Aram W and Smith, Graeme},
  journal={Physical review letters},
  volume={107},
  number={25},
  pages={250504},
  year={2011},
  publisher={APS}
}
@book{horn2012matrix,
  title={Matrix analysis},
  author={Horn, Roger A and Johnson, Charles R},
  year={2012},
  publisher={Cambridge university press}
}
@article{blume2010information,
  title={Information-preserving structures: A general framework for quantum zero-error information},
  author={Blume-Kohout, Robin and Ng, Hui Khoon and Poulin, David and Viola, Lorenza},
  journal={Physical Review A},
  volume={82},
  number={6},
  pages={062306},
  year={2010},
  publisher={APS}
}
@article{beny2007generalization,
  title={Generalization of quantum error correction via the Heisenberg picture},
  author={B{\'e}ny, C{\'e}dric and Kempf, Achim and Kribs, David W},
  journal={Physical review letters},
  volume={98},
  number={10},
  pages={100502},
  year={2007},
  publisher={APS}
}
@article{wang2013numerical,
  title={Numerical method for finding decoherence-free subspaces and its applications},
  author={Wang, Xiaoting and Byrd, Mark and Jacobs, Kurt},
  journal={Physical Review A},
  volume={87},
  number={1},
  pages={012338},
  year={2013},
  publisher={APS}
}
@article{knill2006protected,
  title={Protected realizations of quantum information},
  author={Knill, Emanuel},
  journal={Physical Review A},
  volume={74},
  number={4},
  pages={042301},
  year={2006},
  publisher={APS}
}
@article{choi2006method,
  title={Method to find quantum noiseless subsystems},
  author={Choi, Man-Duen and Kribs, David W},
  journal={Physical review letters},
  volume={96},
  number={5},
  pages={050501},
  year={2006},
  publisher={APS}
}
@article{kribs2006quantum,
  title={Quantum error-correcting subsystems are unitarily recoverable subsystems},
  author={Kribs, David W and Spekkens, Robert W},
  journal={Physical Review A},
  volume={74},
  number={4},
  pages={042329},
  year={2006},
  publisher={APS}
}
@incollection{mintert2009basic,
  title={Basic concepts of entangled states},
  author={Mintert, F and Viviescas, C and Buchleitner, A},
  booktitle={Entanglement and Decoherence},
  pages={61--86},
  year={2009},
  publisher={Springer}
}
@article{guan2016decomposition,
  title={Decomposition of Quantum Markov Chains and Zero-error Capacity},
  author={Guan, Ji and Feng, Yuan and Ying, Mingsheng},
  journal={arXiv preprint arXiv:1608.06024},
  year={2016}
}
@article{lidar2012review,
  title={Review of decoherence free subspaces, noiseless subsystems, and dynamical decoupling},
  author={Lidar, Daniel A},
  journal={arXiv preprint arXiv:1208.5791},
  year={2012}
}
@article{kribs2005operator,
  title={Operator quantum error correction},
  author={Kribs, David W and Laflamme, Raymond and Poulin, David and Lesosky, Maia},
  journal={arXiv preprint quant-ph/0504189},
  year={2005}
}
@article{wang2016minimal,
  title={Minimal noise subsystems},
  author={Wang, Xiaoting and Byrd, Mark and Jacobs, Kurt},
  journal={Physical review letters},
  volume={116},
  number={9},
  pages={090404},
  year={2016},
  publisher={APS}
}
@article{cubitt2010improving,
  title={Improving zero-error classical communication with entanglement},
  author={Cubitt, Toby S and Leung, Debbie and Matthews, William and Winter, Andreas},
  journal={Physical Review Letters},
  volume={104},
  number={23},
  pages={230503},
  year={2010},
  publisher={APS}
}
@article{kuperberg2003capacity,
  title={The capacity of hybrid quantum memory},
  author={Kuperberg, Greg},
  journal={IEEE Transactions on Information Theory},
  volume={49},
  number={6},
  pages={1465--1473},
  year={2003},
  publisher={IEEE}
}
@article{zurek1981pointer,
  title={Pointer basis of quantum apparatus: Into what mixture does the wave packet collapse?},
  author={Zurek, Wojciech H},
  journal={Physical Review D},
  volume={24},
  number={6},
  pages={1516},
  year={1981},
  publisher={APS}
}
@article{kribs2005unified,
  title={Unified and generalized approach to quantum error correction},
  author={Kribs, David and Laflamme, Raymond and Poulin, David},
  journal={Physical review letters},
  volume={94},
  number={18},
  pages={180501},
  year={2005},
  publisher={APS}
}
@article{SupplementalMaterial,
  title={Quantum channels \& operations: Guided tour},
  journal={See Supplemental Material at [URL will be inserted by publisher] for details. 
},
  publisher={Citeseer}
}
@article{cubitt2012extreme,
  title={An extreme form of superactivation for quantum zero-error capacities},
  author={Cubitt, Toby S and Smith, Graeme},
  journal={IEEE Transactions on Information Theory},
  volume={58},
  number={3},
  pages={1953--1961},
  year={2012},
  publisher={IEEE}
}
@article{guan2017super,
  title={Super-activating Quantum Memory with Entanglement},
  author={Guan, Ji and Feng, Yuan and Ying, Mingsheng},
  journal={arXiv preprint arXiv:1708.00700},
  year={2017}
}
@article{shabani2005theory,
  title={Theory of initialization-free decoherence-free subspaces and subsystems},
  author={Shabani, Alireza and Lidar, Daniel A},
  journal={Physical Review A},
  volume={72},
  number={4},
  pages={042303},
  year={2005},
  publisher={APS}
}
@article{cuevas2017irreducible,
  title={Irreducible forms of Matrix Product States: Theory and Applications},
  author={Cuevas, Gemma De las and Cirac, J Ignacio and Schuch, Norbert and Perez-Garcia, David},
  journal={arXiv preprint arXiv:1708.00029},
  year={2017}
}
@article{lidar1998decoherence,
  title={Decoherence-free subspaces for quantum computation},
  author={Lidar, Daniel A and Chuang, Isaac L and Whaley, K Birgitta},
  journal={Physical Review Letters},
  volume={81},
  number={12},
  pages={2594},
  year={1998},
  publisher={APS}
}
@article{knill2000theory,
  title={Theory of quantum error correction for general noise},
  author={Knill, Emanuel and Laflamme, Raymond and Viola, Lorenza},
  journal={Physical Review Letters},
  volume={84},
  number={11},
  pages={2525},
  year={2000},
  publisher={APS}
}
@article{cirac2017matrix,
  title={Matrix product density operators: Renormalization fixed points and boundary theories},
  author={Cirac, J Ignacio and Perez-Garcia, D and Schuch, Norbert and Verstraete, Frank},
  journal={Annals of Physics},
  volume={378},
  pages={100--149},
  year={2017},
  publisher={Elsevier}
}
@article{ticozzi2008quantum,
  title={Quantum Markovian subsystems: invariance, attractivity, and control},
  author={Ticozzi, Francesco and Viola, Lorenza},
  journal={IEEE Transactions on Automatic Control},
  volume={53},
  number={9},
  pages={2048--2063},
  year={2008},
  publisher={IEEE}
}
